<record><leader>00000cas a22000007a 4500</leader><controlfield tag="001">11850207</controlfield><controlfield tag="008">850326d18941961wiuwr ne      0    0eng d</controlfield><datafield ind1=" " ind2=" " tag="010"><subfield code="a">sn 85040463 </subfield></datafield><datafield ind1=" " ind2=" " tag="040"><subfield code="a">NPV</subfield><subfield code="b">eng</subfield><subfield code="c">NPV</subfield><subfield code="d">OCLCQ</subfield></datafield><datafield ind1=" " ind2=" " tag="042"><subfield code="a">msc</subfield></datafield><datafield ind1=" " ind2=" " tag="043"><subfield code="a">n-us-wi</subfield></datafield><datafield ind1=" " ind2=" " tag="045"><subfield code="a">w9x6</subfield></datafield><datafield ind1=" " ind2=" " tag="052"><subfield code="a">4123</subfield><subfield code="b">D3</subfield></datafield><datafield ind1="0" ind2="4" tag="245"><subfield code="a">The Mazomanie sickle.</subfield></datafield><datafield ind1=" " ind2=" " tag="260"><subfield code="a">Mazomanie, Dane County, Wis. :</subfield><subfield code="b">H.L. Swan,</subfield><subfield code="c">-1961.</subfield></datafield><datafield ind1=" " ind2=" " tag="300"><subfield code="a">v. :</subfield><subfield code="b">ill.</subfield></datafield><datafield ind1=" " ind2=" " tag="310"><subfield code="a">Weekly</subfield></datafield><datafield ind1="0" ind2=" " tag="362"><subfield code="a">-no. 46 (Dec. 28, 1961).</subfield></datafield><datafield ind1="1" ind2=" " tag="362"><subfield code="a">Began in Nov. or Dec. 1894.</subfield></datafield><datafield ind1=" " ind2=" " tag="500"><subfield code="a">Publisher varies.</subfield></datafield><datafield ind1=" " ind2=" " tag="500"><subfield code="a">Editor: A. Axtell, June 29, 1939-Sept. 26, 1940.--F.S. Zintz, Oct. 3, 1940-Jan. 2, 1941.--C. Johnson, Jan. 9-Apr. 17, 1941.--S. Chesley, Apr. 24, 1941-Feb. 4, 1943.--J.M. Higgins, Feb. 18-July 15, 1943.--E. Barnes, July 22-Sept. 30, 1943.--C.H. Koonz, Oct. 14, 1943-July 12, 1945.</subfield></datafield><datafield ind1=" " ind2=" " tag="530"><subfield code="a">Available on microfilm from The State Historical Society of Wisconsin.</subfield></datafield><datafield ind1=" " ind2=" " tag="588"><subfield code="a">Description based on: Vol. 21, [no. 41] (Dec. 8, 1894).</subfield></datafield><datafield ind1=" " ind2=" " tag="752"><subfield code="a">United States</subfield><subfield code="b">Wisconsin</subfield><subfield code="c">Dane</subfield><subfield code="d">Mazomanie.</subfield></datafield><datafield ind1="0" ind2="0" tag="780"><subfield code="t">Sickle (Mazomanie, Wis. : 1884)</subfield><subfield code="w">(DLC)sn 85040462</subfield></datafield><datafield ind1="0" ind2="7" tag="785"><subfield code="t">Dane County news</subfield><subfield code="w">(DLC)sn 85040465</subfield></datafield><datafield ind1="0" ind2="7" tag="785"><subfield code="t">Dane County news and Mazomanie sickle</subfield><subfield code="w">(DLC)sn 85040466</subfield></datafield></record>